<record xmlns="http://www.loc.gov/MARC21/slim" xmlns:xsi="http://www.w3.org/2001/XMLSchema-instance" xsi:schemaLocation="http://www.loc.gov/MARC21/slim http://www.loc.gov/standards/marcxml/schema/MARC21slim.xsd"><leader>     nam a22        4500</leader><controlfield tag="001">3348198</controlfield><controlfield tag="003">NNC</controlfield><controlfield tag="006">m        d        </controlfield><controlfield tag="007">cr cn |||m|||a</controlfield><controlfield tag="008">150316s1931    ua      o     000 0barard</controlfield><datafield ind1=" " ind2=" " tag="040"><subfield code="a">NNU</subfield><subfield code="b">eng</subfield><subfield code="c">NNU</subfield></datafield><datafield ind1="1" ind2=" " tag="100"><subfield code="6">880-01</subfield><subfield code="a">&#699;Aqqa&#772;d, &#699;Abba&#772;s Mah&#803;mu&#772;d,</subfield><subfield code="d">1889-1964.</subfield></datafield><datafield ind1="1" ind2="0" tag="245"><subfield code="6">880-02</subfield><subfield code="a">Ibn al-Ru&#772;mi&#772; : h&#803;aya&#772;tuh min shi&#699;rih</subfield><subfield code="h">[electronic resource] /</subfield><subfield code="c">bi-qalam &#699;Abba&#772;s Mah&#803;mu&#772;d al-&#699;Aqqa&#772;d.</subfield></datafield><datafield ind1=" " ind2=" " tag="260"><subfield code="6">880-03</subfield><subfield code="a">[al-Qa&#772;hirah] :</subfield><subfield code="b">Musa&#772;himah Mis&#803;ri&#772;yah,</subfield><subfield code="c">[1931]</subfield></datafield><datafield ind1=" " ind2=" " tag="300"><subfield code="a">online resource (392 p.)</subfield></datafield><datafield ind1=" " ind2=" " tag="500"><subfield code="a">Part of the Arabic Collections Online (ACO) project, contributed by Columbia University Libraries.</subfield></datafield><datafield ind1=" " ind2=" " tag="533"><subfield code="a">Electronic reproduction.</subfield><subfield code="b">New York, N.Y. :</subfield><subfield code="c">New York University,</subfield><subfield code="d">2015.</subfield><subfield code="5">NNU</subfield></datafield><datafield ind1="0" ind2="0" tag="600"><subfield code="6">880-04</subfield><subfield code="a">Ibn al-Ru&#772;mi&#772;,</subfield><subfield code="d">836-896.</subfield></datafield><datafield ind1="0" ind2="7" tag="600"><subfield code="a">Ibn al-Ru&#772;mi&#772;,</subfield><subfield code="d">836-896.</subfield><subfield code="2">fast</subfield><subfield code="0">(OCoLC)fst00282756</subfield></datafield><datafield ind1="2" ind2=" " tag="710"><subfield code="a">Columbia University.</subfield><subfield code="b">Libraries.</subfield></datafield><datafield ind1="0" ind2=" " tag="730"><subfield code="a">Arabic Collections Online.</subfield></datafield><datafield ind1="0" ind2="8" tag="776"><subfield code="i">Print version:</subfield><subfield code="a">&#699;Aqqa&#772;d, &#699;Abba&#772;s Mah&#803;mu&#772;d, 1889-1964.</subfield><subfield code="t">Ibn al-Ru&#772;mi&#772; : h&#803;aya&#772;tuh min shi&#699;rih</subfield><subfield code="w">(NNC)3348198</subfield><subfield code="w">(OCoLC)611916152</subfield></datafield><datafield ind1="4" ind2="0" tag="856"><subfield code="u">http://hdl.handle.net/2333.1/0zpc88gx</subfield></datafield><datafield ind1="1" ind2=" " tag="880"><subfield code="6">100-01/r</subfield><subfield code="a">&#1593;&#1602;&#1575;&#1583;&#1548; &#1593;&#1576;&#1575;&#1587; &#1605;&#1581;&#1605;&#1608;&#1583;&#1548;</subfield><subfield code="d">1889-1964.</subfield></datafield><datafield ind1="1" ind2="0" tag="880"><subfield code="6">245-02/r</subfield><subfield code="a">&#1575;&#1576;&#1606; &#1575;&#1604;&#1585;&#1608;&#1605;&#1610; : &#1581;&#1610;&#1575;&#1578;&#1607; &#1605;&#1606; &#1588;&#1593;&#1585;&#1607; /</subfield><subfield code="c">&#1576;&#1602;&#1604;&#1605; &#1593;&#1576;&#1575;&#1587; &#1605;&#1581;&#1605;&#1608;&#1583; &#1575;&#1604;&#1593;&#1602;&#1575;&#1583;.</subfield></datafield><datafield ind1=" " ind2=" " tag="880"><subfield code="6">260-03/r</subfield><subfield code="a">[&#1575;&#1604;&#1602;&#1575;&#1607;&#1585;&#1577;] :</subfield><subfield code="b">&#1605;&#1587;&#1575;&#1607;&#1605;&#1577; &#1605;&#1589;&#1585;&#1610;&#1577;&#1548;</subfield><subfield code="c">[1931]</subfield></datafield><datafield ind1="0" ind2="4" tag="880"><subfield code="6">600-04/r</subfield><subfield code="a">&#1575;&#1576;&#1606; &#1575;&#1604;&#1585;&#1608;&#1605;&#1610;&#1548;</subfield><subfield code="d">836896.</subfield></datafield><datafield ind1=" " ind2=" " tag="959"><subfield code="a">NNU</subfield><subfield code="b">WEB</subfield><subfield code="c">GENI</subfield><subfield code="t">0</subfield><subfield code="m">Electronic access</subfield><subfield code="s">01</subfield></datafield><datafield ind1=" " ind2=" " tag="999"><subfield code="i">NNC_3348198</subfield><subfield code="o">(OCoLC)ocn611916152</subfield><subfield code="e">(ERROR-880)</subfield><subfield code="s">columbia_aco000292</subfield></datafield></record>